@article{Martin:1997ns,
      author         = "Martin, Stephen P.",
      title          = "{A Supersymmetry primer}",
      year           = "1997",
      doi            = "10.1142/9789812839657_0001, 10.1142/9789814307505_0001",
      note           = "[Adv. Ser. Direct. High Energy Phys.18,1(1998)]",
      eprint         = "hep-ph/9709356",
      archivePrefix  = "arXiv",
      primaryClass   = "hep-ph",
      SLACcitation   = "%%CITATION = HEP-PH/9709356;%%"
}

@article{Adam:2005cg,
      author         = "Adam, W. and Mangano, B. and Speer, T. and Todorov, T.",
      title          = "{Track reconstruction in the CMS tracker}",
      year           = "2005",
      reportNumber   = "CERN-CMS-NOTE-2006-041, CMS-NOTE-2006-041",
      SLACcitation   = "%%CITATION = CERN-CMS-NOTE-2006-041;%%"
}
